@book{Lee1,
  author={Lee, John M.},
  title={Introduction to smooth manifolds},
  edition={2. ed.},
  publisher={Springer},
  address={New York ; Heidelberg [u.a.]},
  year={2013}
}

@book{CheegerEbin,
	author={Cheeger, Jeff and Ebin, David G.},
	title={Comparison theorems in Riemannian geometry},
	publisher={North-Holland},
	address={Amsterdam [u.a.]},
	year={1975}
}

@book{doCarmo,
	author={Carmo, Manfredo Perdigão do},
	title={Riemannian geometry},
	edition={14., corrected print.},
	publisher={Birkh{\"a}user},
	address={Boston ; Basel ; Berlin},
	year={2013}
}

@book{GallotHulinLafontaine,
	author={Gallot, Sylvestre and Hulin, Dominique and Lafontaine, Jacques},
	title={Riemannian geometry},
	edition={3. ed.},
	publisher={Springer},
	address={Berlin ; Heidelberg [u.a.]},
	year={2004}
}

@book{GromollKlingenbergMeyer,
	author={Gromoll, Detlef and Klingenberg, Wilhelm and Meyer, Wolfgang},
	title={Riemannsche Geometrie im Großen},
	edition={2. Aufl.},
	publisher={Springer},
	address={Berlin ; Heidelberg [u.a.]},
	year={1975}
}

@book{Helgason,
	author={Helgason, Sigurdur},
	title={Differential geometry, Lie groups, and symmetric spaces},
	publisher={Academic Press},
	address={New York},
	year={1978}
}

@book{Lee2,
	author={Lee, John M.},
	title={Riemannian manifolds},
	subtitle={an introduction to curvature},
	publisher={Springer},
	address={New York ; Berlin ; Heidelberg [u.a.]},
	year={1997}
}

